@Book{diestelGraphTheory,
  title={Graph theory},
  author={Reinhard Diestel},
  series={Graduate Texts in Mathematics},
  doi={https://doi.org/10.1007/978-3-662-53622-3},
  edition={5},
  publisher={Springer}
}

%%%% FINDING M√ÅXIMUM MATCHING ALGORITHMS %%%%
@misc{edmonds1991glimpseOfHeaven,
  title={A Glimpse of Heaven in: History of Mathematical Programming: A Collection of Personal Reminiscences (JK Lenstra, AHG Rinnoy Kan \& A. Schrijver},
  author={Edmonds, J},
  year={1991},
  publisher={North-Holland}
}

@inproceedings{micaliSilvioVazirani1980MaximumMatching,
  title={An O (v| v| c| E|) algoithm for finding maximum matching in general graphs},
  author={Micali, Silvio and Vazirani, Vijay V},
  booktitle={21st Annual Symposium on Foundations of Computer Science (sfcs 1980)},
  pages={17--27},
  year={1980},
  organization={IEEE}
}
%%%%%%%%%%%%%%%%%%%%%%%%%%%%%%%%%%%%%%%%%%%%%



