%! Author = enzo
%! Date = 12-05-23

