%! Author = enzo
%! Date = 30-06-23

