%! Author = enzo
%! Date = 21-04-23

