%! Author = enzo
%! Date = 09-06-23

