%! Author = enzo
%! Date = 11-04-23

