%! Author = enzo
%! Date = 22-04-23

